@article{wood2014ethereum,
  title={Ethereum: A secure decentralised generalised transaction ledger},
  author={Wood, Gavin},
  journal={Ethereum project yellow paper},
  volume={151},
  pages={1--32},
  year={2014}
}
@article{mian2013provisioning,
  title={Provisioning data analytic workloads in a cloud},
  author={Mian, Rizwan and Martin, Patrick and Vazquez-Poletti, Jose Luis},
  journal={Future Generation Computer Systems},
  volume={29},
  number={6},
  pages={1452--1458},
  year={2013},
  publisher={Elsevier}
}
